@inproceedings{DKS09,
  author	= {Christophe Doche and David R.Kohel and Francesco Sica},
  title		= {Double-Base Number System for Multi-scalar Multiplications},
  booktitle	= {Advances in Cryptology -- {EUROCRYPT 2009}},
  editor	= {Antoine Joux},
  publisher	= {Springer Berlin Heidelberg},
  series	= {Lecture Notes in Computer Science},
  volume	= {5479},
  pages		= {502--517},
  year		= {2009},
  note		= {\url{https://www.iacr.org/archive/eurocrypt2009/54790501/54790501.pdf}},
}

@inproceedings{BBLP07,
  author	= {Daniel J. Bernstein and Peter Birkner and Tanja Lange and Christiane Peters},
  title		= {Optimizing double-base elliptic-curve single-scalar multiplication},
  booktitle	= {Progress in cryptology -- {INDOCRYPT 2007}},
  editor	= {Kannan Srinathan and Chandrasekaran Pandu Rangan and Moti Yung},
  publisher	= {Springer Berlin Heidelberg},
  series	= {Lecture Notes in Computer Science},
  volume	= {4859},
  pages		= {167--182},
  year		= {2007},
  note		= {\url{https://eprint.iacr.org/2007/414.pdf}},
}

@inproceedings{DIM05,
  author	= {Vassil S. Dimitrov and Laurent Imbert and Pradeep Kumar Mishra},
  title		= {Efficient and Secure Elliptic Curve Point Multiplication Using Double-Base Chains},
  booktitle	= {Advances in Cryptology -- {ASIACRYPT 2005}},
  editor	= {Bimal Roy},
  publisher	= {Springer Berlin Heidelberg},
  series	= {Lecture Notes in Computer Science},
  volume	= {3788},
  pages		= {59--78},
  year		= {2005},
  note		= {\url{https://www.iacr.org/archive/asiacrypt2005/059/059.pdf}},
}

@misc{EFD,
  author        = {Daniel J. Bernstein and Tanja Lange},
  title         = {Explicit-formulas database},
  note          = {\url{https://hyperelliptic.org/EFD/}, accessed 19 May 2015},
}

%%%%%%%%%%%%%%%%%% Added by Ton

@article{dbns2,
	title={The double-base number system and its application to elliptic curve cryptography},
	author={Dimitrov, Vassil and Imbert, Laurent and Mishra, Pradeep},
	journal={Mathematics of Computation},
	volume={77},
	number={262},
	pages={1075--1104},
	year={2008}
}

@inproceedings{DI08,
  author	= {Christophe Doche and Laurent Imbert},
  title		= {The Double-Base Number System in Elliptic Curve Cryptography},
  booktitle	= {Proceedings of the 42nd Asilomar conference},
  year		= {2008},
  note		= {\url{http://web.science.mq.edu.au/~doche/asilomar.pdf}}
}

@inproceedings{MH09,
  author	= {Nicolas M\'eloni and M. Anwar Hasan},
  title		= {Elliptic Curve Scalar Multiplication Combining Yao’s Algorithm and Double Bases},
  booktitle	= {Cryptographic Hardware and Embedded Systems -- CHES 2009},
  editor	= {Clavier, Christophe and Gaj, Kris},
  publisher	= {Springer Berlin Heidelberg},
  series	= {Lecture Notes in Computer Science},
  volume	= {5747},
  pages		= {304--316},
  year		= {2009},
  note		= {\url{http://www.iacr.org/archive/ches2009/57470302/57470302.pdf}}
}


@article{ECDSA,
  title={The elliptic curve digital signature algorithm {(ECDSA)}},
  author={Johnson, Don and Menezes, Alfred and Vanstone, Scott},
  journal={International Journal of Information Security},
  volume={1},
  number={1},
  pages={36--63},
  year={2001},
  organization={Springer}
}

@ARTICLE{Shamir, 
author={Elgamal, T.}, 
journal={IEEE Transactions on Information Theory}, 
title={A public key cryptosystem and a signature scheme based on discrete logarithms}, 
year={1985}, 
month={Jul}, 
volume={31}, 
number={4}, 
pages={469-472}
}

@inproceedings{interleaving,
year={2001},
booktitle={Selected Areas in Cryptography},
volume={2259},
series={Lecture Notes in Computer Science},
editor={Vaudenay, Serge and Youssef, AmrM.},
title={Algorithms for Multi-exponentiation},
note={\url{http://dx.doi.org/10.1007/3-540-45537-X_13}},
publisher={Springer Berlin Heidelberg},
author={M\"{o}ller, Bodo},
pages={165-180},
}

@incollection{enlarged1,
year={2004},
booktitle={Applied Cryptography and Network Security},
volume={3089},
series={Lecture Notes in Computer Science},
editor={Jakobsson, Markus and Yung, Moti and Zhou, Jianying},
title={An Improved Algorithm for {$uP+vQ$} Using {$JSF_3^1$}},
note={\url{http://dx.doi.org/10.1007/978-3-540-24852-1_34}},
publisher={Springer Berlin Heidelberg},
author={Kuang, BaiJie and Zhu, YueFei and Zhang, YaJuan},
pages={467-478},
}

@article{enlarged2,
  title={A new upper bound for the minimal density of joint representations in elliptic curve cryptosystems},
  author={Dahmen, Erik and Okeya, Katsuyuki and Takagi, Tsuyoshi},
  journal={IEICE Transactions on Fundamentals of Electronics, Communications and Computer Sciences},
  volume={90},
  number={5},
  pages={952--959},
  year={2007},
  publisher={IEICE}
}

@incollection{enlarged3,
year={2010},
booktitle={Information Security, Practice and Experience},
volume={6047},
series={Lecture Notes in Computer Science},
editor={Kwak, Jin and Deng, RobertH. and Won, Yoojae and Wang, Guilin},
title={Width-3 Joint Sparse Form},
note={\url{http://dx.doi.org/10.1007/978-3-642-12827-1_6}},
publisher={Springer Berlin Heidelberg},
author={Okeya, Katsuyuki and Kato, Hidehiro and Nogami, Yasuyuki},
pages={67-84},
}

@article{enlarged4,
  title={Improving width-3 joint sparse form to attain asymptotically optimal complexity on average case},
  author={Hiroshi Imai and Vorapong Suppakitpaisarn},
  journal={IEICE Transactions on Fundamentals of Electronics, Communications and Computer Sciences},
  volume={98},
  number={6},
  year={2015},
  publisher={IEICE}
}



@article{dbc2,
author = {Jithra Adikari and Vassil S. Dimitrov and Laurent Imbert},
title = {Hybrid Binary-Ternary Number System for Elliptic Curve Cryptosystems},
journal ={IEEE Transactions on Computers},
volume = {60},
number = {2},
year = {2011},
pages = {254-265},
note = {\url{http://doi.ieeecomputersociety.org/10.1109/TC.2010.138}},
publisher = {IEEE Computer Society}
}

@ARTICLE{dbc3, 
author={Doche, Chirstophe and Sutantyo, Daniel}, 
journal={IEEE Transactions on Computers}, 
title={New and Improved Methods to Analyze and Compute Double-Scalar Multiplications}, 
year={2014}, 
month={Jan}, 
volume={63}, 
number={1}, 
pages={230-242}, 
}

@article{additionChain1,
  title={Window and extended window methods for addition chain and addition-subtraction chain},
  author={Kunihiro, Noboru and Yamamoto, Hirosuke},
  journal={IEICE Transactions on Fundamentals of Electronics, Communications and Computer Sciences},
  volume={81},
  number={1},
  pages={72--81},
  year={1998},
  publisher={IEICE}
}

@article{additionChain2,
  title={New methods for generating short addition chains},
  author={Kunihiro, Noboru and Yamamoto, Hirosuke},
  journal={IEICE Transactions on Fundamentals of Electronics, Communications and Computer Sciences},
  volume={83},
  number={1},
  pages={60--67},
  year={2000},
  publisher={IEICE}
}


@article{dbns3,
	title={Two Lower Bounds for Shortest Double-Base Number System},
	author={Parinya Chalermsook and Hiroshi Imai and Vorapong Suppakitpaisarn},
	journal={IEICE Transactions on Fundamentals of Electronics, Communications and Computer Sciences},
	volume={98},
	number={6},
	year={2015},
	publisher={IEICE}
}

@inproceedings{experiment,
	year={2007},
	booktitle={Progress in Cryptology – INDOCRYPT 2007},
	volume={4859},
	series={Lecture Notes in Computer Science},
	editor={Srinathan, K. and Rangan, C.Pandu and Yung, Moti},
	title={Optimizing Double-Base Elliptic-Curve Single-Scalar Multiplication},
	note={\url{http://dx.doi.org/10.1007/978-3-540-77026-8_13}},
	publisher={Springer Berlin Heidelberg},
	author={Bernstein, Daniel J. and Birkner, Peter and Lange, Tanja and Peters, Christiane},
	pages={167-182}
}

@incollection{analysisMethod,
	year={2012},
	booktitle={WALCOM: Algorithms and Computation},
	volume={7157},
	series={Lecture Notes in Computer Science},
	editor={Rahman, Md.Saidur and Nakano, Shin-ichi},
	title={Calculating Average Joint Hamming Weight for Minimal Weight Conversion of d Integers},
	note={\url{http://dx.doi.org/10.1007/978-3-642-28076-4_23}},
	publisher={Springer Berlin Heidelberg},
	author={Suppakitpaisarn, Vorapong and Edahiro, Masato and Imai, Hiroshi},
	pages={229-240},
}

@incollection{fractional,
	year={2005},
	booktitle={Information Security and Cryptology – ICISC 2004},
	volume={3506},
	series={Lecture Notes in Computer Science},
	editor={Park, Choon-sik and Chee, Seongtaek},
	title={Fractional Windows Revisited:Improved Signed-Digit Representations for Efficient Exponentiation},
	note={\url{http://dx.doi.org/10.1007/11496618_11}},
	publisher={Springer Berlin Heidelberg},
	keywords={Efficient implementations; elliptic curve cryptography},
	author={M\"{o}ller, Bodo},
	pages={137-153}
}


% exemples
%
%@techreport{OSK99,
%  author        = {Kiyoshi Ohgishi and Ryuichi Sakai and Masao Kasahara},
%  title         = {Notes on {ID}-based Key Sharing Systems over Elliptic Curve (in {Japanese})},
%  institution   = {IEICE},
%  number        = {ISEC99-57},
%  pages         = {37--42},
%  year          = {1999},
%}
%
%@misc{Mit13,
%  author        = {Shigeo MITSUNARI},
%  title         = {A Fast Implementation of the Optimal Ate Pairing over {BN} curve on {Intel Haswell} Processor},
%  howpublished  = {Cryptology ePrint Archive, Report 2013/362},
%  year          = {2013},
%  note          = {\url{http://eprint.iacr.org/2013/362/}},
%}
%
%@misc{BGM+10,
%  author        = {Jean-Luc Beuchat and Jorge E. Gonz\'alez{ D\'iaz} and Shigeo Mitsunari and Eiji Okamoto and Francisco 
%                   Rodr\'iguez-Henr\'iquez and Tadanori Teruya},
%  title         = {High-Speed Software Implementation of the Optimal Ate Pairing over {Barreto-Naehrig} Curves},
%  booktitle     = {Pairing-Based Cryptography -- {Pairing 2010}},
%  editor        = {Marc Joye and Atsuko Miyaji and Akira Otsuka},
%  series        = {Lecture Notes in Computer Science},
%  publisher     = {Springer},
%  volume        = {6487},
%  year          = {2010},
%  pages         = {21--39},
%  note          = {\url{http://eprint.iacr.org/2010/354/}},
%}
%
%@article{ BDL+12,
%  author        = {Daniel J. Bernstein and Niels Duif and Tanja Lange and Peter Schwabe and Bo-Yin Yang},
%  title         = {High-speed high-security signatures},
%  journal       = {Journal of Cryptographic Engineering},
%  publisher     = {Springer},
%  volume        = {2},
%  number        = {2},
%  year          = {2012},
%  pages         = {77--89},
%  note          = {\url{http://cryptojedi.org/papers/\#ed25519}, see also short version \cite{BDL+11}},
%}
%
%@phdthesis{Hus10,
%  author        = {H\"useyin H{\i}\c{s}{\i}l},
%  title         = {Elliptic Curves, Group Law, and Efficient Computation},
%  school        = {Queensland University of Technology},
%  year          = {2010},
%  note          = {\url{http://eprints.qut.edu.au/33233/}},
%}
%
